@String{ACL01 = "Proceedings of the 39th Annual Conference of the Association for Computational Linguistics (ACL-01)"}

@article{allen2005,
author = {Allen and Smit and Wallach},
year   = {2005},
title  = {Artificial morality: Top-down, bottom-up, and hybrid approaches},
journal = {Ethics and Information Technology}, 
volume = {7},
number = {},
pages = {149--155},
}

@article{hendrycks,
author = {Hendrycks and Burns and Basart and Critch and Li and Song and Steinhardt}, 
year = {2021},
title = {Aligning AI with shared human values},
journal = {International Conference on Learning Representations}, 
volume = {},
number = {},
pages = {},
}


@book{tegmark,
author = {Tegmark},
year =  {2017},
title =  {Life 3.0},
publisher =  {Knopf (US), Allen Lane (UK)},
pages = {}
}

@book{bostrom,
author = {Bostrom},
year =  {2014},
title =  {Superintelligence: Paths, Dangers, Strategies},
publisher =  {Oxford University Press},
pages = {}
}

@article{allen2021,
author = {Jiang and D., Hwang and Bhagavatula and Le Bras and Forbes and Borchardt and Liang and Etzioni and Sap and Choi},
year   = {2021},
title  = {Delphi: Towards Machine Ethics and Norms}
}

@article{gabriel,
author = {Gabriel},
year   = {2020},
title  = {Artificial Intelligence, Values, and Alignment},
journal = {Minds and Machines}
}

@article{soares,
author = {Soares and Fallenstein and Yudkowsky and Armstrong},
year   = {2015},
title  = {Corrigibility},
journal = {Artificial Intelligence and Ethics: Papers from the 2015 AAAI Workshop}
}

@article{xu,
author = {Xu and Ju and Li and Boureau and Weston and Dinan},
year   = {2021},
title  = {Bot-Adversarial Dialogue for Safe Conversational Agents},
journal = {Proceedings of the 2021 Conference of the North American Chapter of the Association for Computational Linguistics: Human Language Technologies},
pages = {2950--2968}
}

@article{huang,
author = {Huang and Zhu and Gao},
year   = {2020},
title  = {Challenges in Building Intelligent Open-domain Dialog Systems},
journal = {ACM Transactions on Information Systems},
volume={38},
pages={1--32}
}

@article{schramowski,
author = {Schramowksi and Turan and Jentzsch and Rothkopf and Kersting},
year   = {2020},
title  = {The Moral Choice Machine},
journal = {Frontiers in Artificial Intelligence},
volume = {3},
number = {36}
}

@article{lourie,
author = {Lourie and Le Bras and Bhagavatula and Choi},
year   = {2021},
title  = {UNICORN on RAINBOW:
A Universal Commonsense Reasoning Model on a New Multitask Benchmark},
journal = {The Thirty-Fifth AAAI Conference on Artificial Intelligence (AAAI-21)}
}

@article{jiang,
author = {Jiang, Liwei and Hwang, Jena D. and Bhagavatula, Chandra and Bras, Ronan Le and Liang, Jenny and Dodge, Jesse and Sakaguchi, Keisuke and Forbes, Maxwell and Borchardt, Jon and Gabriel, Saadia and Tsvetkov, Yulia and Etzioni, Oren and Sap, Maarten and Rini, Regina and Choi, Yejin},
year   = {2021a},
title  = {Can Machines Learn Morality? The Delphi Experiment},
journal = {The Thirty-Fifth AAAI Conference on Artificial Intelligence (AAAI-21)},
publisher = {arXiv}
}

@inproceedings{forbes,
    title = "Social Chemistry 101: Learning to Reason about Social and Moral Norms",
    author = "Forbes, Maxwell  and
      Hwang, Jena D.  and
      Shwartz, Vered  and
      Sap, Maarten  and
      Choi, Yejin",
    booktitle = "Proceedings of the 2020 Conference on Empirical Methods in Natural Language Processing (EMNLP)",
    month = nov,
    year = "2020",
    address = "Online",
    publisher = "Association for Computational Linguistics",
    url = "https://aclanthology.org/2020.emnlp-main.48",
    doi = "10.18653/v1/2020.emnlp-main.48",
    pages = "653--670"
}

@article{emelin,
  author = {Emelin, Denis and Bras, Ronan Le and Hwang, Jena D. and Forbes, Maxwell and Choi, Yejin},
  title = {Moral Stories: Situated Reasoning about Norms, Intents, Actions, and their Consequences},
  publisher = {arXiv},
  year = {2020}
}

@inproceedings{sap,
    title = "Social Bias Frames: Reasoning about Social and Power Implications of Language",
    author = "Sap, Maarten  and
      Gabriel, Saadia  and
      Qin, Lianhui  and
      Jurafsky, Dan  and
      Smith, Noah A.  and
      Choi, Yejin",
    booktitle = "Proceedings of the 58th Annual Meeting of the Association for Computational Linguistics",
    month = jul,
    year = "2020",
    address = "Online",
    publisher = "Association for Computational Linguistics",
    url = "https://aclanthology.org/2020.acl-main.486",
    doi = "10.18653/v1/2020.acl-main.486",
    pages = "5477--5490"
}

@article{lourie-scruples,
  author = {Lourie, Nicholas and Bras, Ronan Le and Choi, Yejin},
  title = {Scruples: A Corpus of Community Ethical Judgments on 32,000 Real-Life Anecdotes},
  publisher = {arXiv},
  year = {2020}
}

@article{shap,
  author = {Lundberg, Scott and Lee, Su-In},
  title = {A Unified Approach to Interpreting Model Predictions},
  publisher = {arXiv},
  year = {2017},
}

@inproceedings{miller,
    title = "{W}ord{N}et: A Lexical Database for {E}nglish",
    author = "Miller, George A.",
    booktitle = "Speech and Natural Language: Proceedings of a Workshop Held at Harriman, New York, {F}ebruary 23-26, 1992",
    year = "1992",
    url = "https://aclanthology.org/H92-1116",
}

 @misc{jiang-blog,
 title={Towards machine ethics and norms},
 url={https://blog.allenai.org/towards-machine-ethics-and-norms-d64f2bdde6a3},
 journal={Medium},
 publisher={AI2 Blog},
 author={Jiang, Liwei},
 year={2021b},
 month={Nov}
 }

@misc{guess,
title={Machine learning + deep NLP: The quest for understanding at cognition},
url={https://www.dataversity.net/machine-learning-deep-nlp-the-quest-for-understanding-at-cognition/#},
journal={Dataversity},
author={Guess, A.R.},
year={2015},
month={Jan}
} 

 @book{ryan, 
 place={New York}, 
 title={Self-determination theory: Basic psychological needs in motivation, development, and Wellness}, publisher={Guilford Press}, 
 author={Ryan, Richard M. and Deci, Edward L.}, 
 year={2017}
 }

@misc{winkelman, 
title={The best screen-time apps to get your digital life under control}, 
url={https://www.digitaltrends.com/mobile/best-apps-for-limiting-your-screen-time}, 
journal={Digital Trends}, 
publisher={Digital Trends}, 
author={Winkelman, Steven}, 
year={2022}, 
month={Mar}
} 
  
@INPROCEEDINGS{gillioz,
  author={Gillioz, Anthony and Casas, Jacky and Mugellini, Elena and Khaled, Omar Abou},
  booktitle={2020 15th Conference on Computer Science and Information Systems (FedCSIS)}, 
  title={Overview of the Transformer-based Models for NLP Tasks}, 
  year={2020},
  volume={},
  number={},
  pages={179-183},
  doi={10.15439/2020F20}}

@InCollection{chineseroom,
	author       =	{Cole, David},
	title        =	{{The Chinese Room Argument}},
	booktitle    =	{The {Stanford} Encyclopedia of Philosophy},
	editor       =	{Edward N. Zalta},
	howpublished =	{\url{https://plato.stanford.edu/archives/win2020/entries/chinese-room/}},
	year         =	{2020},
	edition      =	{{W}inter 2020},
	publisher    =	{Metaphysics Research Lab, Stanford University}

@article{howard,
  title={The Ugly Truth About Ourselves and Our Robot Creations: The Problem of Bias and Social Inequity},
  author={Ayanna M. Howard and Jason Borenstein},
  journal={Science and Engineering Ethics},
  year={2018},
  volume={24},
  pages={1521-1536}
}

@misc{devlin,
  author = {Devlin, Jacob and Chang, Ming-Wei and Lee, Kenton and Toutanova, Kristina},
  
  keywords = {Computation and Language (cs.CL), FOS: Computer and information sciences, FOS: Computer and information sciences},
  
  title = {BERT: Pre-training of Deep Bidirectional Transformers for Language Understanding},
  
  publisher = {arXiv},
  
  year = {2018},
  
  copyright = {arXiv.org perpetual, non-exclusive license}
}

@misc{liu,
  author = {Liu, Yinhan and Ott, Myle and Goyal, Naman and Du, Jingfei and Joshi, Mandar and Chen, Danqi and Levy, Omer and Lewis, Mike and Zettlemoyer, Luke and Stoyanov, Veselin},
  
  keywords = {Computation and Language (cs.CL), FOS: Computer and information sciences, FOS: Computer and information sciences},
  
  title = {RoBERTa: A Robustly Optimized BERT Pretraining Approach},
  
  publisher = {arXiv},
  
  year = {2019},
  
  copyright = {arXiv.org perpetual, non-exclusive license}
}

@misc{raffel,
  
  author = {Raffel, Colin and Shazeer, Noam and Roberts, Adam and Lee, Katherine and Narang, Sharan and Matena, Michael and Zhou, Yanqi and Li, Wei and Liu, Peter J.},
  
  keywords = {Machine Learning (cs.LG), Computation and Language (cs.CL), Machine Learning (stat.ML), FOS: Computer and information sciences, FOS: Computer and information sciences},
  
  title = {Exploring the Limits of Transfer Learning with a Unified Text-to-Text Transformer},
  
  publisher = {arXiv},
  
  year = {2019},
  
  copyright = {arXiv.org perpetual, non-exclusive license}
}


@misc{akiba,
  
  author = {Akiba, Takuya and Sano, Shotaro and Yanase, Toshihiko and Ohta, Takeru and Koyama, Masanori},
  
  keywords = {Machine Learning (cs.LG), Machine Learning (stat.ML), FOS: Computer and information sciences, FOS: Computer and information sciences},
  
  title = {Optuna: A Next-generation Hyperparameter Optimization Framework},
  
  publisher = {arXiv},
  
  year = {2019},
  
  copyright = {arXiv.org perpetual, non-exclusive license}
}
